@InProceedings{meek,
	author = {D. Fifield and C. Lan and R. Hynes and P. Wegmann and V. Paxson},
	year = 2015,
	title = {Blocking-resistant communication through domain fronting},
	booktitle = {Proceedings on Privacy Enhancing Technologies},
	series={PETS},
	pages={1--19},
}

@inproceedings{fte,
	author = {Dyer, K. P. and Coull, S. E. and Ristenpart, T. and Shrimpton, T},
	year = 2013,
	month = nov,
	series = {CCS},
	title = {Protocol misidentification made easy with format-transforming encryption},
	booktitle = {20th ACM Conference on Computer and Communications Security},
	pages = {61--72}
}

@inproceedings{wang2015seeing,
  title={Seeing through network-protocol obfuscation},
  author={Wang, Liang and Dyer, Kevin P and Akella, Aditya and Ristenpart, Thomas and Shrimpton, Thomas},
  booktitle={Proceedings of the 22nd ACM SIGSAC Conference on Computer and Communications Security},
  pages={57--69},
  year={2015},
  organization={ACM}
}

@InProceedings{stegotorus,
	author = {Zachary Weinberg and Jeffrey Wang and Vinod Yegneswaran and Linda Briesemeister and Steven Cheung and Frank Wang and Dan Boneh},
	title = {StegoTorus: A camouflage proxy for the {T}or anonymity system},
	booktitle = {19th ACM Conference on Computer and Communications Security},
	series = {CCS},
	month = oct,
	year = 2012,
   	pages = {109--120},
}

@InProceedings{skypemorph,
	author = {Mohajeri, Moghaddam H. and Li, B. and Derakhshani, M. and Goldberg, I},
	year = 2012,
	month = oct,
	title = {Skypemorph: Protocol obfuscation for {T}or bridges},
	booktitle = {19th ACM Conference on Computer and Communications Security},
   	pages = {97--108},
	series = {CCS},
}

@InProceedings{curveball11,
    author = {Josh Karlin and Daniel Ellard and Alden W. Jackson and
	Christine E. Jones and Greg Lauer and David P. Mankins and W. Timothy Strayer},
    title = {Decoy Routing: Toward Unblockable {I}nternet Communication},
    booktitle = {1st USENIX Workshop on Free and Open Communications on the Internet},
	series = {FOCI},
    month = aug,
    year = 2011
}

@InProceedings{flash-proxies,
    author = {D. Fifield and Hardison, N. and Ellithorpe, J. and Stark, E. and Boneh, D. and Dingledine, R. and Porras, P.},
    title = {Evading censorship with browser-based proxies},
    booktitle = {12th Privacy Enhancing Technologies Symposium},
	series = {PETS},
    month = jul,
    year = 2012,
	pages = {239--258},
}

@InProceedings{telex11,
    author = {Eric Wustrow and Scott Wolchok and Ian Goldberg and J. Alex Halderman},
    title = {Telex: Anticensorship in the Network Infrastructure},
    booktitle = {20th USENIX Security Symposium},
    month = aug,
    year = 2011
}

@inproceedings{cirripede11,
    author = {Houmansadr, Amir and Nguyen, Giang T. K. and Caesar, Matthew and Borisov, Nikita},
    title = {Cirripede: Circumvention infrastructure using router redirection with plausible deniability},
    booktitle = {18th ACM Conference on Computer and Communications Security},
    series = {CCS},
    year = 2011,
	month = oct,
    pages = {187--200},
} 

@inproceedings{rad12,
    author = {Max Schuchard and John Geddes and Christopher Thompson and Nicholas Hopper},
    title = {Routing around decoys},
    booktitle = {2012 {ACM} Conference on Computer and Communications Security {(CCS)}},
    series = {CCS '12},
    year = {2012},
    isbn = {978-1-4503-1651-4},
    location = {Raleigh, North Carolina, USA},
    pages = {85--96},
    numpages = {12},
    url = {http://doi.acm.org/10.1145/2382196.2382209},
    doi = {10.1145/2382196.2382209},
    acmid = {2382209},
    publisher = {ACM},
    address = {New York, NY, USA},
    keywords = {bgp, decoy routing, telex, cirripede, censorship},
}

@misc{cesareo12,
    author = {Jacopo Cesareo and Josh Karlin and Michael Schapira and Jennifer Rexford},
    title = {Optimizing the placement of implicit proxies},
    howpublished = {\url{http://www.cs.princeton.edu/~jrex/papers/decoy-routing.pdf}},
    url = {http://www.cs.princeton.edu/~jrex/papers/decoy-routing.pdf},
    month = {June},
    year = 2012
}

@inproceedings{houmansadr-nodirection,
    author = {Amir Houmansadr and Edmund L. Wong and Vitaly Shmatikov},
    title = {No direction home: The true cost of routing around decoys},
    booktitle = {2014 Network and Distributed System Security Symposium {(NDSS)}},
    series = {NDSS '14},
    year = {2014},
    month = {February},
}

@inproceedings{houmansadr-parrot,
    title = {{The Parrot is Dead:
	Observing Unobservable Network Communications}},
    author = {Amir Houmansadr and Chad Brubaker and Vitaly Shmatikov},
    booktitle = {{The 34th IEEE Symposium on Security and Privacy}},
    location = {Oakland, California},
    year = {2013}
}

@misc{open-curveball,
    title = {{Curveball} open source release},
    url = "https://curveball.nct.bbn.com",
    month = {June},
    year = {2014}
}

@inproceedings{tapdance14,
    author = {Eric Wustrow and Colleen M. Swanson and J. Alex Halderman},
    title = {TapDance: End-to-Middle Anticensorship without Flow Blocking},
    booktitle = {23rd USENIX Security Symposium},
    year = 2014,
	month = aug,
	pages = {159--174}
}

@inproceedings{rebound15,
    author = {Daniel Ellard and Alden Jackson and Christine Jones and Victoria Manfredi and
	W. Timothy Strayer and Bishal Thapa and Megan Van Welie},
    title = {Rebound: Decoy routing on asymmetric routes via error messages},
    booktitle = {40th IEEE Conference on Local Computer Networks},
	series = {LCN},
    month = oct,
    year = 2015,
	pages = {91--99},
}

@inproceedings{click,
    author = {E. Kohler and R. Morris and B. Chen and J. Jannotti and
	M. F. Kaashoek},
    title = {The click modular router},
    booktitle = {ACM Transactions on Computer Systems},
    volume = {18},
    number = {3},
    pages = {263-297},
    month = {August},
    year = {2000}
}

@inproceedings{netmap,
    author = {L. Rizzo},
    title = {netmap: a novel framework for fast packet {I/O}},
    booktitle = {{USENIX} Annual Technical Conference},
    pages = {101-112},
    year = {2012}
}

@misc{dpdk,
    author = {Intel},
    title = {{Data Plane Development Kit} (DPDK)},
    howpublished = {\url{http://www.dpdk.org}}
}

@misc{pfring,
    author = {Ntop},
    title = {{PF\_RING}},
    howpublished = {\url{http://www.ntop.org/products/pf_ring}}
}

@inproceedings{fastclick,
    author = {T. Barbette and C. Soldani and and L. Mathy},
    title = {Fast userspace packet processing},
    booktitle = {{ANCS'15} 11th
	    ACM/IEEE Symposium on Architectures
	    for networking and communications systems (ANCS'15)},
    pages = {5-16},
    year = {2015}
}

@misc{curveball-os-20160308,
    title = {{BBN Curveball 2016.03.08 Source Release}},
    howpublished = {\url{https://curveball.nct.bbn.com}}
}

@misc{curveball-os,
    title = {{BBN Curveball source release}},
    howpublished = {\url{https://curveball.nct.bbn.com}}
}

@inproceedings{slitheen16,
    author = {Cecylia Bocovich and Ian Goldberg},
    title = {Slitheen: Perfectly imitated decoy routing through
	traffic replacement},
    booktitle = {23rd ACM Conference on Computer and Communications Security},
	series = {CCS},
	pages = {1702--1714},
    month = oct,
    year = 2016,
}

@misc{iperf,
    title = {{iPerf}},
    howpublished = {\url{https://iperf.fr}}
}

@InProceedings{zmap13,
    author = {Zakir Durumeric and Eric Wustrow and J. Alex Halderman},
    title = {{ZMap}: {F}ast {I}nternet-Wide Scanning and its Security Applications},
    booktitle = {22nd {USENIX} Security Symposium},
    month = aug,
    year = 2013
}

@misc{comScore,
    title = {{comScore}: cross-platform measurement company},
    howpublished = {\url{https://www.comscore.com/Insights/Blog/Number-of-Mobile-Only-Internet-Users-Now-Exceeds-Desktop-Only-in-the-U.S}},
    year = 2015
}

@misc{chinaiwatch,
    title = {{China Internet Watch}: Internet Statistics report},
    howpublished = {\url{https://www.chinainternetwatch.com/whitepaper/china-internet-statistics/}},
    year = 2015
}

@misc{gomobile,
    title = {{Gomobile}: tool page on github},
    howpublished = {\url{https://github.com/golang/go/wiki/Mobile}}
}

@misc{py4a,
    title = {Python for {Android} ({py4a})},
    howpublished = {\url{http://code.google.com/p/python-for-android}}
}

@misc{sl4a,
    title = {Scripting Layer for {Android} (sl4a)},
    howpublished = {\url{https://github.com/damonkohler/sl4a}}
}

@misc{nss,
    title = {{Network Security Services (NSS)}},
    howpublished = {\url{https://developer.mozilla.org/en-US/docs/Mozilla/Projects/NSS}}
}

@misc{twisted,
    title = {Twisted},
    howpublished = {\url{http://twistedmatrix.com/trac/}}
}

@misc{iperf3,
    title = {{iperf3}: a tool for active measurements of the maximum achievable bandwidth},
    howpublished = {\url{https://iperf.fr/}}
}

@misc{ab,
    title = {{ab}: a tool for benchmarking HTTP servers},
    howpublished = {\url{http://httpd.apache.org/docs/current/programs/ab.html}}
}


@misc{active-probe,
  title={Knock knock knockin' on bridges' doors},
  author={Tim Wilde},
  howpublished = {Tor Blog},
  note={\url{https://blog.torproject.org/blog/knock-knock-knockin-bridges-doors}},
  year={Jan.\ 7, 2012}
}

@inproceedings{elligator,
  title={Elligator: Elliptic-curve points indistinguishable from uniform random strings},
  author={Bernstein, Daniel J and Hamburg, Mike and Krasnova, Anna and Lange, Tanja},
  booktitle={20th ACM Conference on Computer and Communications Security},
  series={CCS},
  pages={967--980},
  month=nov,
  year=2013
}

@misc{refraction-site,
  key={refraction routing internet},
  title={Refraction {N}etworking: {I}nternet freedom in the network's core},
  note={\url{https://refraction.network/}}
}

@inproceedings{ensafi-tor,
  title={Examining How the {G}reat {F}irewall Discovers Hidden Circumvention Servers},
  author={R. Ensafi and D. Fifield and P. Winter and N. Feamster and N. Weaver and V. Paxson},
  booktitle={15th ACM Internet Measurement Conference},
  series={IMC},
  month=oct,
  year=2015,
  pages={445--458}
  }

@inproceedings{ensafi-china,
  title={Analyzing the {G}reat {F}irewall of {C}hina Over Space and Time},
  author={R. Ensafi and P. Winter and M. Abdullah and J. Crandall},
  booktitle = {Proceedings on Privacy Enhancing Technologies},
  pages={61--76},
  series={PETS},
  year=2015
}

@inproceedings{tor,
  author = {Roger Dingledine and Nick Mathewson and Paul Syverson},
  title = {Tor: {T}he Second-Generation Onion Router},
  booktitle = {13th USENIX Security Symposium},
  year = 2004,
  month = aug,
  pages = {303--320}
}


@misc{fhiran,
  author = {{Freedom House}},
  title={Freedom on the {N}et 2016: {I}ran Country Report},
  note={\url{https://freedomhouse.org/report/freedom-net/2016/iran}},
  year={2016}
}

@misc{iranblackout,
  author = {Eva Galperin},
  title={{I}ran Ratchets Up Its {I}nternet Censorship},
  howpublished = {EFF DeepLinks Blog},
  note={\url{https://www.eff.org/deeplinks/2012/02/iran-ratchets-its-internet-censorship}},
  year={Feb.\ 11, 2012}
}

@inproceedings{satellite,
  title={Satellite: Joint analysis of {CDN}s and network-level interference},
  author={Scott, Will and Anderson, Thomas and Kohno, Tadayoshi and Krishnamurthy, Arvind},
  booktitle={2016 USENIX Annual Technical Conference},
  series={ATC},
  year=2016,
  pages={195--208}
}

@InProceedings{censys15,
  author = {Zakir Durumeric and David Adrian and Ariana Mirian and Michael Bailey and J. Alex Halderman},
  title = {A Search Engine Backed by {I}nternet-Wide Scanning},
  booktitle = {Proceedings of the 22nd ACM Conference on Computer and Communications Security},
  month = oct,
  year = 2015
}

@misc{uproxy,
    key={uproxy},
    title = {{uProxy}},
    note = {\url{https://www.uproxy.org/}}
}

@misc{lantern,
    key={lantern},
    title = {{Lantern}},
    note = {\url{https://getlantern.org/}}
}

@misc{psiphon,
    key={psiphon},
    title = {{Psiphon}},
    note = {\url{https://psiphon.ca}}
}

@misc{obfs4,
    author = {{The Tor Project}},
    title = {{obfs4} (The obfourscator) specification},
    note = {\url{https://gitweb.torproject.org/pluggable-transports/obfs4.git/tree/doc/obfs4-spec.txt}}
}
